@article{SanchezIborra2016,
  doi = {10.3390/s16050708},
  url = {https://doi.org/10.3390/s16050708},
  year = {2016},
  month = may,
  publisher = {{MDPI} {AG}},
  volume = {16},
  number = {5},
  pages = {708},
  author = {Ramon Sanchez-Iborra and Maria-Dolores Cano},
  title = {State of the Art in {LP}-{WAN} Solutions for Industrial {IoT} Services},
  journal = {Sensors}
}

@article{Mekki2019,
  doi = {10.1016/j.icte.2017.12.005},
  url = {https://doi.org/10.1016/j.icte.2017.12.005},
  year = {2019},
  month = mar,
  publisher = {Elsevier {BV}},
  volume = {5},
  number = {1},
  pages = {1--7},
  author = {Kais Mekki and Eddy Bajic and Frederic Chaxel and Fernand Meyer},
  title = {A comparative study of {LPWAN} technologies for large-scale {IoT} deployment},
  journal = {{ICT} Express}
}

@inproceedings{Naik2018,
  doi = {10.1109/syseng.2018.8544414},
  url = {https://doi.org/10.1109/syseng.2018.8544414},
  year = {2018},
  month = oct,
  publisher = {{IEEE}},
  author = {Nitin Naik},
  title = {{LPWAN} Technologies for {IoT} Systems: Choice Between Ultra Narrow Band and Spread Spectrum},
  booktitle = {2018 {IEEE} International Systems Engineering Symposium ({ISSE})}
}

@article{Augustin2016,
  doi = {10.3390/s16091466},
  url = {https://doi.org/10.3390/s16091466},
  year = {2016},
  month = sep,
  publisher = {{MDPI} {AG}},
  volume = {16},
  number = {9},
  pages = {1466},
  author = {Alo√øs Augustin and Jiazi Yi and Thomas Clausen and William Townsley},
  title = {A Study of {LoRa}: Long Range {\&} Low Power Networks for the Internet of Things},
  journal = {Sensors}
}

@incollection{Pham2020,
  doi = {10.1016/b978-0-12-818880-4.00004-1},
  url = {https://doi.org/10.1016/b978-0-12-818880-4.00004-1},
  year = {2020},
  publisher = {Elsevier},
  pages = {65--102},
  author = {Congduc Pham and Ahc{\`{e}}ne Bounceur and Laurent Clavier and Umber Noreen and Muhammad Ehsan},
  title = {Radio channel access challenges in {LoRa} low-power wide-area networks},
  booktitle = {{LPWAN} Technologies for {IoT} and M2M Applications}
}

@article{Almuhaya2022,
  doi = {10.3390/electronics11010164},
  url = {https://doi.org/10.3390/electronics11010164},
  year = {2022},
  month = jan,
  publisher = {{MDPI} {AG}},
  volume = {11},
  number = {1},
  pages = {164},
  author = {Mukarram A. M. Almuhaya and Waheb A. Jabbar and Noorazliza Sulaiman and Suliman Abdulmalek},
  title = {A Survey on {LoRaWAN} Technology: Recent Trends,  Opportunities,  Simulation Tools and Future Directions},
  journal = {Electronics}
}
